@article{Bottou,
author = {Bottou, Leon},
title = {{Stochastic Gradient Learning in Neural Networks}},
url = {http://citeseerx.ist.psu.edu/viewdoc/download?doi=10.1.1.52.361{\&}rep=rep1{\&}type=pdf}
}
@article{DBLP:journals/corr/Ruder16,
archivePrefix = {arXiv},
arxivId = {1609.04747},
author = {Ruder, Sebastian},
eprint = {1609.04747},
journal = {CoRR},
title = {{An overview of gradient descent optimization algorithms}},
url = {http://arxiv.org/abs/1609.04747},
volume = {abs/1609.04747},
year = {2016}
}
@article{DBLP:journals/corr/LoshchilovH16a,
archivePrefix = {arXiv},
arxivId = {1608.03983},
author = {Loshchilov, Ilya and Hutter, Frank},
eprint = {1608.03983},
journal = {CoRR},
title = {{{\{}SGDR:{\}} Stochastic Gradient Descent with Restarts}},
url = {http://arxiv.org/abs/1608.03983},
volume = {abs/1608.03983},
year = {2016}
}
